@article{MasmReadFile,
author = {The MASM Forum Archive 2004 to 2012},
title = {how to read from file in masm},
note = "fecha de consulta: 22/7/2021",
url={http://www.masmforum.com/board/index.php?topic=16266.0}
}


@article{Iczelion,
    author={Iczelion},
    url = {http://www.movsd.com/icz.htm}
}



@article{GlobalAlloc,
author = {Microsoft},
year = {2021},
title = {GlobalAlloc function (winbase.h)},
note = "fecha de consulta: 22/7/2021",
url = {https://docs.microsoft.com/en-us/windows/win32/api/winbase/nf-winbase-globalalloc}
}

@article{Windowsgetsize,
author = {Microsoft},
year = {2021},
title = {GetFileSize function (fileapi.h)},
note = "fecha de consulta: 22/7/2021",
url = { https://docs.microsoft.com/en-us/windows/win32/api/fileapi/nf-fileapi-getfilesize}
}


@article{CloseHandle,
author = {Microsoft},
year = {2021},
title = {CloseHandle function (handleapi.h)},
note = "fecha de consulta: 22/7/2021",
url = {  https://docs.microsoft.com/en-us/windows/win32/api/handleapi/nf-handleapi-closehandle}
}

@article{MicrosoftReadFile,
author = {Microsoft},
year = {2021},
title = {ReadFile function (fileapi.h)},
note = "fecha de consulta: 22/7/2021",
url={https://docs.microsoft.com/en-us/windows/win32/api/fileapi/nf-fileapi-readfile}
}



@article{MicrosoftCreateFileA ,
author = {Microsoft},
year = {2017},
title = {CreateFileA function (fileapi.h)},
note = "fecha de consulta: 22/07/2021",
url ={https://docs.microsoft.com/en-us/windows/win32/api/fileapi/nf-fileapi-createfilea}
}


@article{Irvine,
    author = {Kip R. Irvine },
    year = {2002},
    title = {Assembly Language for Intel Assembly Language for Intel-Based Computers, 4 Computers, 4th Edition Edition },
    note = "fecha de consulta: 19/7/2021",
    url={https://www.csie.ntu.edu.tw/~acpang/course/asm_2004/slides/chapt_08Solve.pdf}
}


@article{DOSString,
    author={STACK OVERFLOW},
    title={Getting string input and displaying input with DOS interrupts MASM},
    year={2015},
    note = "fecha de consulta: 19/7/2021",
    url={https://stackoverflow.com/questions/29504516/getting-string-input-and-displaying-input-with-dos-interrupts-masm}
}


